<collection xmlns="http://www.loc.gov/MARC21/slim">
<record>
  <leader>01853nam0a2200289 i 450 </leader>
  <controlfield tag="001">IT\ICCU\CNCE\039802</controlfield>
  <controlfield tag="005">20000403000000.0</controlfield>
  <datafield tag="012" ind1=" " ind2=" ">
    <subfield code="a">1.r. s,e- des. cora (3) 1594 (R)</subfield>
    <subfield code="2">fei</subfield>
  </datafield>
  <datafield tag="100" ind1=" " ind2=" ">
    <subfield code="a">19981112d1594        0itac0103    ba</subfield>
  </datafield>
  <datafield tag="101" ind1=" " ind2=" ">
    <subfield code="a">LAT</subfield>
    <subfield code="a">ITA</subfield>
  </datafield>
  <datafield tag="102" ind1=" " ind2=" ">
    <subfield code="a">IT</subfield>
  </datafield>
  <datafield tag="200" ind1="1" ind2=" ">
    <subfield code="a">Sequuntur Constitutiones diuersorum summorum Pontificum, Trid. Concil. decreta, &amp; episcopalia edicta per parrochialium ecclesiarum rectores statis anniuersarijs diebus in calendario quotannis imprimendo annotandis, inter missarum solemnia, populo de morepraesentis Synodi praescriptum enuncianda, euulganda, ac memoriae reducenda, ...</subfield>
  </datafield>
  <datafield tag="210" ind1=" " ind2=" ">
    <subfield code="e">Camerini</subfield>
    <subfield code="g">apud Franciscum Ioiosum</subfield>
    <subfield code="h">1594</subfield>
  </datafield>
  <datafield tag="215" ind1=" " ind2=" ">
    <subfield code="a">\4!, 30, \2! p.</subfield>
    <subfield code="d">4ʻ</subfield>
  </datafield>
  <datafield tag="620" ind1=" " ind2=" ">
    <subfield code="a">IT</subfield>
    <subfield code="d">Camerino</subfield>
  </datafield>
  <datafield tag="710" ind1="0" ind2="2">
    <subfield code="a">Camerino</subfield>
    <subfield code="c"> &lt;Diocesi&gt;</subfield>
    <subfield code="3">IT\ICCU\CNCT\002439</subfield>
  </datafield>
  <datafield tag="712" ind1="0" ind2="0">
    <subfield code="a">Gioioso, Francesco</subfield>
    <subfield code="3">IT\ICCU\CNCT\001176</subfield>
    <subfield code="4">650</subfield>
  </datafield>
  <datafield tag="791" ind1="0" ind2="0">
    <subfield code="a">Ioiosus, Franciscus</subfield>
    <subfield code="3">IT\ICCU\CNCT\003845</subfield>
    <subfield code="z">Gioioso, Francesco</subfield>
  </datafield>
  <datafield tag="791" ind1="0" ind2="0">
    <subfield code="a">Gioiosi, Francesco</subfield>
    <subfield code="3">IT\ICCU\CNCT\004882</subfield>
    <subfield code="z">Gioioso, Francesco</subfield>
  </datafield>
  <datafield tag="791" ind1="0" ind2="0">
    <subfield code="a">Gioiosus, Franciscus</subfield>
    <subfield code="3">IT\ICCU\CNCT\004883</subfield>
    <subfield code="z">Gioioso, Francesco</subfield>
  </datafield>
  <datafield tag="801" ind1=" " ind2="3">
    <subfield code="a">IT</subfield>
    <subfield code="b">ICCU</subfield>
    <subfield code="c">20201114</subfield>
  </datafield>
  <datafield tag="899" ind1=" " ind2=" ">
    <subfield code="a">Biblioteca comunale Federiciana. Fano</subfield>
    <subfield code="1">PU0018</subfield>
    <subfield code="2">URB FN</subfield>
  </datafield>
  <datafield tag="899" ind1=" " ind2=" ">
    <subfield code="a">Biblioteca delle facolt ̉di Giurisprudenza e Scienze politiche dell&apos;Universit ̉degli studi di Urbino. Urbino</subfield>
    <subfield code="1">PU0127</subfield>
    <subfield code="2">URB AG</subfield>
  </datafield>
  <datafield tag="899" ind1=" " ind2=" ">
    <subfield code="a">Biblioteca centrale dell&apos;Area umanistica dell&apos;Universit ̉degli studi di Urbino. Urbino</subfield>
    <subfield code="z">MUTILO</subfield>
    <subfield code="1">PU0206</subfield>
    <subfield code="2">URB AU</subfield>
  </datafield>
  <datafield tag="899" ind1=" " ind2=" ">
    <subfield code="a">Biblioteca nazionale centrale. Roma</subfield>
    <subfield code="1">RM0267</subfield>
    <subfield code="2">BVE CR</subfield>
  </datafield>
  <datafield tag="911" ind1=" " ind2=" ">
    <subfield code="a">Senza motto. - In fine.</subfield>
    <subfield code="9">IT\ICCU\CNCM\000056</subfield>
  </datafield>
  <datafield tag="921" ind1=" " ind2=" ">
    <subfield code="a">IT\ICCU\CNCM\000056</subfield>
    <subfield code="b">Stella cometa su fiamma che arde da un tronco. In cornice formata da due rami di olivo e palma tenuti da due putti.</subfield>
    <subfield code="e">Quo maius appareo, eo fulgeo et ardeo magis.</subfield>
    <subfield code="c">Q4</subfield>
    <subfield code="c">V32</subfield>
    <subfield code="c">Z371</subfield>
    <subfield code="d">Dimensioni: 7,8 x 10,7</subfield>
    <subfield code="f">FIAMMA</subfield>
    <subfield code="f">OLIVO</subfield>
    <subfield code="f">PUTTI</subfield>
    <subfield code="f">QUOMAIUSAP</subfield>
    <subfield code="f">STELLA</subfield>
    <subfield code="g">1553-1599</subfield>
  </datafield>
</record>
</collection>
